@article{mko, 
	language="russian",
	author="О. В. Зобнина",
	title="Многокритериальная оптимизация",
	journal="StudNet", 
	year=2021,
	number=1,
	pages="28--43"
}

@article{pareto,
	language="russian",
	author="Кривулин Н. К.",
	title="О решении многокритериальных задач принятия решений на основе парных сравнений",
	journal="Компьютерные инструменты в образовании",
	year=2020,
	number=2,
	pages="27--59"
}

@article{mko_methods,
	language="russian",
	author="Богданова П. А., Сахаров Д. М.,  Васильева Т. В.",
	title="Обзор методов многокритериальной оптимизации в задачах принятия решений",
	journal="Инновационные аспекты развития науки и техники",
	year=2021,
	number=6,
	pages="31--36"
}

@article{param_classes,
	language="russian",
	author="Волкова Л. Л., Строганов Ю. В.",
	title="Об ассоциативных бинарных мерах близости документов: классификация и приложение кластеризации",
	journal="Новые информационные технологии в автоматизированных системах",
	year=2014,
	pages="421--432"
}

@misc{compromise,
	title="Метод справедливого компромисса для решения зада многокритериальной оптимизации [Электронный ресурс]",
	howpublished="Режим доступа: \url{http://bigor.bmstu.ru/?cnt/?doc=MO/ch1104.mod/?cou=MO/base.cou} (дата обращения: 23.01.2022)"
}

@inbook{pareto_f,
	language="russian",
	author="Ногин В. Д.",
	title="Множество и принцип Парето: Учебное пособие",
	publisher="-- СПб.: Издательско-полиграфическая ассоциация высших учебных заведений",
	year="2020. -- 100 с."
	
}

@inbook{
	Larychev,
	author="О. И. Ларичев",
	title="Теория и методы принятия решений, а также Хроника событий в Волшебных Странах: Учебник",
	publisher="-- М.: Логос",
	language="russian",
	year="2000. -- 296 c.",
}

@inbook{upr,
	author="Кравченко С. В.",
	title="Ситуационный анализ и моделирование управленческих решений: Учебное пособие",
	publisher="-- Г.: Белорусский торгово-экономический университет потребительской кооперации",
	language="russian",
	year="2018. -- 98 c."
}
